@misc{graves,
    author    = "Wolfgang Kaufmann ",
    title     = "Radio Meteor Reflection Geometrys",
    howpublished = "\url{http://www.ars-electromagnetica.de/robs/}",
    year      = 2019,
}

@misc{kepler,
    author    = "Aula de astronomía de Fuenlabrada",
    title     = "Aula de astronomía Fuenlabrada",
    howpublished = "\url{https://www.auladeastronomiadefuenlabrada.com/enlaces-de-interes/grupo-kepler/}",
    year      = 2016,
}

@misc{ine,
    title     = "Encuesta sobre Equipamiento y Uso de Tecnologías de Información y Comunicación en los Hogares",
    howpublished = "\url{https://www.ine.es/prensa/tich_2019.pdf}",
    year      = 2019,
}


@article{ulversoy2010software,
  title={Software defined radio: Challenges and opportunities},
  author={Ulversoy, Tore},
  journal={IEEE Communications Surveys \& Tutorials},
  volume={12},
  number={4},
  pages={531--550},
  year={2010},
  publisher={IEEE}
}

@misc{echoes,
    author    = "RTL-SDR",
    title     = "Echoes: An RTL-SDR tool for meteor scatter detection",
    howpublished = "\url{https://www.rtl-sdr.com/tag/echoes/}",
    year      = 2018,
}


@misc{StreamGenerator,
    author    = "Samuel Lemes Perera",
    title     = "Contadores de Estrellas - Server Side - Echoes",
    howpublished = "\url{https://github.com/cslab-upm/Echoes-stream-generator}",
    year      = 2018,
}

@misc{Dialogflow,
    author    = "Carlos Denis",
    title     = "Dialogflow: la herramienta de Google para la creación de Chatbots",
    howpublished ="\url{https://www.makingscience.com/blog/dialogflow-la-herramienta-de-google-para-la-creacion-de-chatbots/}",
    year      = 2019,
}

@misc{MicrosoftBotBuilder,
    author    = "Eduardo Fulgencio Comendeiro",
    title     = "Información sobre desarrollo de bots de Microsoft",
    howpublished ="\url{https://planetachatbot.com/informacion-para-articulo-de-bots-de-microsoft-943a25eddd5}",
    year      = 2017,
}

@misc{ibmWatson,
    author    = "Rodolfo de Juana",
    title     = "IBM Watson: casi todo lo que tienes que saber",
    howpublished ="\url{https://www.muycomputerpro.com/2019/09/24/ibm-watson-casi-todo-lo-que-tienes-que-saber}",
    year      = 2019,
}

@misc{chatbotAI,
    author    = "Ahmad Faizal B H",
    title     = "ChatBot AI",
    howpublished ="\url{https://github.com/ahmadfaizalbh/Chatbot}",
    year      = 2020,
}

@misc{Swagger,
    author    = "Swagger Team",
    title     = "Swagger Documentation",
    howpublished ="\url{https://swagger.io/docs}",
}

@misc{DocumentWithSwagger,
    author    = "Diogo Souza",
    title     = "Documenting your Express API with Swagger",
    howpublished ="\url{https://blog.logrocket.com/documenting-your-express-api-with-swagger/}",
    year = 2020
}


@misc{AutomaticAPIDocumentation,
    author    = "Davi Baltar",
    title     = "Automatic API Documentation in Node.js Using Swagger",
    howpublished ="\url{https://medium.com/swlh/automatic-api-documentation-in-node-js-using-swagger-dd1ab3c78284}",
    year = 2020
}


@misc{createChatbotRasa,
    author    = "Mahesh Babu Athmakuri",
    title     = "A Step-by-Step guide to create a Chatbot Assistant Using RASA",
    howpublished ="\url{https://medium.com/@maheshbabuathmakuri/a-step-by-step-guide-to-create-a-conversation-contextual-assistant-using-rasa-750c2f3006b7}",
    year = 2020
}

@misc{basicDocker,
    author    = "Carlos Lopez",
    title     = "Docker básico - Primeros Pasos",
    howpublished ="\url{https://medium.com/@jclopex/docker-básico-primeros-pasos-c57144d18eea}",
    year = 2019
}

@misc{mongoAuth,
    author    = "Rahasak Labs",
    title     = "Enable mongodb authentication with docker",
    howpublished ="\url{https://medium.com/rahasak/enable-mongodb-authentication-with-docker-1b9f7d405a94}",
    year = 2019
}


@misc{mongoSecurity,
    author    = "Rafael Caballero Roldán",
    title     = "Seguridad en MongoDB",
    howpublished ="\url{http://gpd.sip.ucm.es/rafa/docencia/nosql/seguridad.html}",
}
 
@misc{dockerize,
    author    = "Roland Hewage",
    title     = "Step by Step Guide to Dockerize a Node.js Express Application",
    howpublished ="\url{https://medium.com/faun/step-by-step-guide-to-dockerize-a-node-js-express-application-cb6be4159cf1}",
}

@misc{chatbotEspRasa,
    author    = "Jaime Tenorio",
    title     = "Construyendo un Chatbot en español usando RASA - Moodbot",
    howpublished ="\url{https://planetachatbot.com/construyendo-un-chatbot-en-espa%C3%B1ol-usando-rasa-moodbot-b69946235bb}",
    year = 2020
}

@misc{guiaCompletaChatbotRasa,
    author    = "Karen White",
    title     = "Guia completa para desarrollar tu chatbot en RASA",
    howpublished ="\url{https://planetachatbot.com/guia-completa-desarrollar-chatbot-en-rasa-6a61a7ab48}",
    year = 2020
}

@misc{secureAPI,
    author    = "Bruno Krebs",
    title     = "Node.js and Express Tutorial: Building and Securing RESTful APIs",
    howpublished ="\url{https://auth0.com/blog/node-js-and-express-tutorial-building-and-securing-restful-apis/}",
    year = 2019
}

@misc{expressOpenID,
    author    = "Auth0 ",
    title     = "Express-OpenID-Connect",
    howpublished ="\url{https://github.com/auth0/express-openid-connect}",
    year = 2020
}

@misc{latexDocumentation,
    author    = "The Latex Project",
    title     = "Latex documentation",
    howpublished ="\url{https://www.latex-project.org/help/documentation/}",
}

